% Bibliografía

% Este fichero contiene la bibliografía de la memoria
% Está en un formato que se conoce como BibTex.
% Hay muchos sitios web que exportan referencias en formato BibTeX. 
% Prueba a buscar en http://scholar.google.com por referencias
% y verás que lo puedes hacer de manera sencilla.
% Más información: 
% http://texblog.org/2014/04/22/using-google-scholar-to-download-bibtex-citations/

% Existen varias posibilidades para referenciar diferentes tipos de documentos,
% ya que los datos necesarios varían. Así, existen formatos de entrada para
%     * libros (book)
%     * artículos en revistas de investigación (article)
%     * capítulos de libro (incollection)
%     * informes técnicos (techreport)
%     * otros (misc)
%
% Las páginas web deberían ir como misc.

% Una última cosa: no referencias nunca la WikiPedia
% La WikiPedia, como buena enciclopedia, no es fuente primaria.
% Si acaso, busca por citas en la WikiPedia (que sí ha de referenciar fuentes
% primarias) y haz referencia a las mismas.



@misc{what_is_python,
  title = {What is Python? Executive Summary},
  howpublished = {\url{https://www.python.org/doc/essays/blurb/}}
}


@misc{so_survey,
  title = {Stack Overflow Annual Developer Survey},
  howpublished = {\url{https://insights.stackoverflow.com/survey/}}
}

@incollection{peters2010zen,
  title={The zen of Python},
  author={Peters, Tim},
  booktitle={Pro Python},
  pages={301--302},
  year={2010},
  publisher={Springer}
}

@book{kvale1996interviews,
  title={Interviews: an introduction to qualitative research interviewing},
  author={Kvale, S.},
  isbn={9780803958197},
  lccn={lc95050205},
  url={https://books.google.es/books?id=tJPZAAAAMAAJ},
  year={1996},
  publisher={Sage Publications}
}

@book{merriam2009qualitative,
  title={Qualitative Research: A Guide to Design and Implementation},
  author={Merriam, S.B.},
  isbn={9780470283547},
  lccn={2008051528},
  series={Higher and adult education series},
  url={https://books.google.es/books?id=tvFICrgcuSIC},
  year={2009},
  publisher={John Wiley \& Sons}
}



@manual{van2001pep,
  title={PEP 8: style guide for Python code},
  author={van Rossum, Guido and Warsaw, Barry and Coghlan, Nick},
  organization={Python.org},
  note={https://goo.gl/crVen9},
  year={2001}
}

@inproceedings{pythononroad,
 author = {Alexandru, Carol V. and Merchante, Jos{\'e} J. and Panichella, Sebastiano and Proksch, Sebastian and Gall, Harald C. and Robles, Gregorio},
 title = {On the Usage of Pythonic Idioms},
 booktitle = {Proceedings of the 2018 ACM SIGPLAN International Symposium on New Ideas, New Paradigms, and Reflections on Programming and Software},
 series = {Onward! 2018},
 year = {2018},
 isbn = {978-1-4503-6031-9},
 location = {Boston, MA, USA},
 pages = {1--11},
 numpages = {11},
 url = {http://doi.acm.org/10.1145/3276954.3276960},
 doi = {10.1145/3276954.3276960},
 acmid = {3276960},
 publisher = {ACM},
 address = {New York, NY, USA},
 keywords = {Community, Conventions, Culture, Idioms, Programming, Python, Pythonic},
}